<?xml version="1.0" encoding="UTF-8"?><record xmlns="http://www.loc.gov/MARC21/slim" xmlns:cinclude="http://apache.org/cocoon/include/1.0" xmlns:zs="http://www.loc.gov/zing/srw/">
  <leader>00876cz  a2200193n  4500</leader>
  <controlfield tag="001">n  94111064 </controlfield>
  <controlfield tag="003">DLC</controlfield>
  <controlfield tag="005">20140530073836.0</controlfield>
  <controlfield tag="008">941116n| azannaabn          |a aaa      </controlfield>
  <datafield tag="010" ind1=" " ind2=" ">
    <subfield code="a">n  94111064 </subfield>
  </datafield>
  <datafield tag="035" ind1=" " ind2=" ">
    <subfield code="a">(OCoLC)oca03721759</subfield>
  </datafield>
  <datafield tag="040" ind1=" " ind2=" ">
    <subfield code="a">DLC</subfield>
    <subfield code="b">eng</subfield>
    <subfield code="e">rda</subfield>
    <subfield code="c">DLC</subfield>
    <subfield code="d">WU</subfield>
    <subfield code="d">PPiU</subfield>
  </datafield>
  <datafield tag="046" ind1=" " ind2=" ">
    <subfield code="f">1876</subfield>
    <subfield code="g">1953</subfield>
  </datafield>
  <datafield tag="100" ind1="1" ind2=" ">
    <subfield code="a">Rădescu, Nicolae,</subfield>
    <subfield code="d">1876-1953</subfield>
  </datafield>
  <datafield tag="400" ind1="1" ind2=" ">
    <subfield code="a">Rădescu, N.</subfield>
    <subfield code="q">(Nicolae),</subfield>
    <subfield code="d">1876-1953</subfield>
  </datafield>
  <datafield tag="670" ind1=" " ind2=" ">
    <subfield code="a">Romania's communist takeover, 1984:</subfield>
    <subfield code="b">t.p. (Rădescu) p. 17, etc. (General Nicolae Rădescu)</subfield>
  </datafield>
  <datafield tag="670" ind1=" " ind2=" ">
    <subfield code="a">Mic dicț. enc., 1986</subfield>
    <subfield code="b">(Rădescu, Nicolae, 1876-1953, b. in Bucharest, Romania; general; prim ministru, 1944-1945; left Romania in 1945)</subfield>
  </datafield>
  <datafield tag="670" ind1=" " ind2=" ">
    <subfield code="a">Românii în știința și cultura occidentală, 1992</subfield>
    <subfield code="b">(Rădescu, Nicolae; lived in USA, 1947-1953)</subfield>
  </datafield>
  <datafield tag="670" ind1=" " ind2=" ">
    <subfield code="a">Sfert de veac de urmărire, 2004:</subfield>
    <subfield code="b">t.p. (Nicolae Rădescu) verso t.p. (N. Rădescu)</subfield>
  </datafield>
</record>